@article{08332,
	title = {Skin Lesion Analysis Towards Melanoma Detection via End-to-end Deep Learning of Convolutional Neural Networks},
	author = {Katherine M. Li and Evelyn C. Li},
	note = {Available at \url{https://arxiv.org/abs/1807.08332}, 22 June 2018}
}

@article{03225,
	title = {Categorical Relation-Preserving Contrastive Knowledge Distillation for Medical Image Classification},
	author = {Xiaohan Xing, Yuenan Hou, Hang Li, Yixuan Yuan, Hongsheng Li, Max Q.-H. Meng},
	note = {Available at \url{https://arxiv.org/abs/2107.03225}, 7 Jul 2021}
}

@article{03798,
	title = {Decision Support System for Detection and Classification of Skin Cancer using CNN},
	author = {Rishu Garg, Saumil Maheshwari, Anupam Shukla},
	note = {Available at \url{https://arxiv.org/abs/1912.03798}, 9 Dec 2019}
}